@misc{root_doc,
    title        = {Sito di ROOT - documentazione completa},
    howpublished = {\url{https://root.cern}},
    note         = {Accessed on [date]},
}

@misc{root_releases,
    title        = {Releases di ROOT},
    howpublished = {\url{https://root.cern/install/all_releases/}},
    note         = {Accessed on [date]},
}

@misc{macos_shell,
    title        = {Come cambiare la shell di default di macOS},
    howpublished = {\url{https://www.howtogeek.com/444596/how-to-change-the-default-shell-to-bash-in-macos-catalina/}},
    note         = {Accessed on [date]},
}

@misc{bash_manual,
    title        = {Manuale comandi shell},
    howpublished = {\url{https://www.gnu.org/savannah-checkouts/gnu/bash/manual/bash.html#Controlling-the-Prompt}},
    note         = {Accessed on [date]},
}

@misc{vim_guide,
    title        = {Guida Vim},
    howpublished = {\url{https://wiki.gentoo.org/wiki/Vim/Guide}},
    note         = {Accessed on [date]},
}